<record><leader>00000cas a2200000 a 4500</leader><controlfield tag="001">297186222</controlfield><controlfield tag="007">hd adb021||||</controlfield><controlfield tag="008">090106d18491871inudn nea    l0    0eng  </controlfield><datafield ind1=" " ind2=" " tag="010"><subfield code="a">  2008239339</subfield></datafield><datafield ind1=" " ind2=" " tag="040"><subfield code="a">IUL</subfield><subfield code="b">eng</subfield><subfield code="c">IUL</subfield><subfield code="d">OCLCQ</subfield><subfield code="d">OCLCF</subfield></datafield><datafield ind1=" " ind2=" " tag="042"><subfield code="a">pcc</subfield></datafield><datafield ind1=" " ind2=" " tag="043"><subfield code="a">n-us-in</subfield></datafield><datafield ind1="0" ind2=" " tag="130"><subfield code="a">New Albany daily ledger (New Albany, Ind. : 1849)</subfield></datafield><datafield ind1="1" ind2="4" tag="245"><subfield code="a">The New Albany daily ledger</subfield><subfield code="h">[microform].</subfield></datafield><datafield ind1="1" ind2="3" tag="246"><subfield code="a">Daily ledger</subfield><subfield code="b">&lt;Apr. 15, 1865&gt;</subfield></datafield><datafield ind1=" " ind2=" " tag="260"><subfield code="a">New Albany, Ind. :</subfield><subfield code="b">Norman, Morrison &amp; Matthews,</subfield><subfield code="c">1849-1871.</subfield></datafield><datafield ind1=" " ind2=" " tag="310"><subfield code="a">Daily (except Sunday)</subfield></datafield><datafield ind1="0" ind2=" " tag="362"><subfield code="a">Vol. 1, no. 1 (Sept. 21, 1849)-v. 22, no. 6652 (May 31, 1871).</subfield></datafield><datafield ind1=" " ind2=" " tag="580"><subfield code="a">Weekly ed.: New Albany weekly ledger (New Albany, Ind. : 1849).</subfield></datafield><datafield ind1=" " ind2=" " tag="533"><subfield code="a">Microfilm.</subfield><subfield code="m">Feb. 1 1864-Sept. 15, 1860 [gaps].</subfield><subfield code="b">Washington, D.C. :</subfield><subfield code="c">Library of Congress Photoduplication Service,</subfield><subfield code="e">7 microfilm reels.</subfield></datafield><datafield ind1=" " ind2="0" tag="651"><subfield code="a">New Albany (Ind.)</subfield><subfield code="v">Newspapers.</subfield></datafield><datafield ind1=" " ind2="7" tag="655"><subfield code="a">Newspapers.</subfield><subfield code="2">fast</subfield><subfield code="0">(OCoLC)fst01423814</subfield></datafield><datafield ind1=" " ind2="7" tag="651"><subfield code="a">Indiana</subfield><subfield code="z">New Albany.</subfield><subfield code="2">fast</subfield><subfield code="0">(OCoLC)fst01212578</subfield></datafield><datafield ind1=" " ind2=" " tag="752"><subfield code="a">United States</subfield><subfield code="b">Indiana</subfield><subfield code="c">Floyd</subfield><subfield code="d">New Albany.</subfield></datafield><datafield ind1="1" ind2=" " tag="775"><subfield code="t">New Albany weekly ledger (New Albany, Ind. : 1849)</subfield></datafield><datafield ind1="1" ind2=" " tag="776"><subfield code="c">Original</subfield><subfield code="w">(DLC)sn 82016335</subfield><subfield code="w">(OCoLC)9293464</subfield></datafield><datafield ind1="0" ind2="0" tag="780"><subfield code="t">Daily New Albany Democrat</subfield></datafield><datafield ind1="0" ind2="0" tag="785"><subfield code="t">New Albany ledger (New Albany, Ind. : 1871 : Daily)</subfield></datafield></record>